<?xml version="1.0" encoding="UTF-8"?><collection xmlns="http://www.loc.gov/MARC21/slim"><record><leader>00574nam--2200205-i-4500</leader><controlfield tag="001">000048662</controlfield><controlfield tag="002">20161230</controlfield><controlfield tag="005">20161230201047</controlfield><controlfield tag="008">060222s1000------------r-----000-0-rus-d</controlfield><datafield ind1=" " ind2=" " tag="040"><subfield code="a">IFIN-HH</subfield></datafield><datafield ind1=" " ind2=" " tag="041"><subfield code="a">rus</subfield></datafield><datafield ind1=" " ind2=" " tag="080"><subfield code="a">538.93:541.133.1</subfield></datafield><datafield ind1="1" ind2=" " tag="100"><subfield code="a">Salamon, M.B</subfield></datafield><datafield ind1="1" ind2="0" tag="245"><subfield code="a">Fizika superionnih provodnikiv</subfield><subfield code="c">M.b. salamon (ed.)</subfield></datafield><datafield ind1=" " ind2=" " tag="260"><subfield code="a">Riga</subfield><subfield code="b">Zinatne</subfield><subfield code="c">1982</subfield></datafield><datafield ind1=" " ind2=" " tag="300"><subfield code="a">315P</subfield></datafield><datafield ind1=" " ind2=" " tag="490"><subfield code="a">Problemi Sovremennoi Fiziki</subfield></datafield><datafield ind1=" " ind2=" " tag="500"><subfield code="a">Titlul Original In Limba Engleza: Physics Of Superionic Conductors</subfield></datafield><datafield ind1=" " ind2=" " tag="852"><subfield code="a">70035</subfield><subfield code="c">539.21</subfield></datafield><datafield ind1=" " ind2=" " tag="CAT"><subfield code="a">Sys</subfield><subfield code="c">20121206</subfield><subfield code="h">130234</subfield></datafield></record></collection>